@article{mnist,
  author={Yann LeCun and Corinna Cortes and {Christopher J.C.} Burges},
  title={The MNIST Database of Handwritten Digits},
  year={2010},
}

@mastersthesis{cifar_10,
  author={Alex Krizhevsky},
  title={Learning Multiple Layers of Features from Tiny Images},
  school={Department of Computer Science, University of Toronto},
  year={2009},
}

@article{pascal_voc,
  author={Mark Everingham and {S.M. Ali} Eslami and Luc {Van~Gool} and {Christoper K. I.} Williams and John Winn and Andrew Zisserman},
  title={The Pascal Visual Object Classes Challenge: A Retrospective},
  journal={International Journal of Computer Vision},
  year={2015},
  pages={98--136},
}

@article{slic,
 author = {Radhakrishna Achanta and Appu Shaji and Kevin Smith and Aurelien Lucchi and Pascal Fua and Sabine Susstrunk},
 title = {SLIC Superpixels Compared to State-of-the-Art Superpixel Methods},
 journal = {IEEE Transactions on Pattern Analysis and Machine Intelligence},
 year = {2012},
 pages = {2274--2282},
}

@inproceedings{quickshift,
  author={Andrea Vedaldi and Stefano Soatto},
  title={Quick Shift and Kernel Methods for Mode Seeking},
  booktitle={European Conference on Computer Vision},
  year={2008},
  pages={705--718},
}

@article{felzenszwalb,
 author={{Pedro F.} Felzenszwalb and {Daniel P.} Huttenlocher},
 title={Efficient Graph-Based Image Segmentation},
 journal={International Journal of Computer Vision},
 year={2004},
 pages={167--181},
}

@book{Chung,
  title={Spectral Graph Theory},
  author={{Fan .R.K.} Chung},
  publisher={American Mathematical Society},
  year={1997},
}

@article{Hammond,
  title={Wavelets on Graphs via Spectral Graph Theory},
  author={{David K.} Hammond and Pierre Vandergheynst and R{\'e}ne Gribonval}},
  journal={Applied and Computational Harmonic Analysis},
  pages={129--150},
  year={2011},
}

@article{Reuter,
  title={Discrete Laplace-Beltrami Operators for Shape Analysis and Segmentation},
  author={Martin Reuter and Silvia Biasotti and Daniela Giorgi and Guiseppe Patan{\`e} and Michela Spagnuolo},
  journal={Computers \& Graphics},
  pages={381--390},
  year={2009},
}
