@inproceedings{
  booktitle={2015 IEEE Conference on Computer Vision and Pattern Recognition (CVPR)},
  title={Object Detection by Labeling Superpixels},
  author={J. Yan and Y. Yu and X. Zhu and Z. Lei and S. Z. Li},
  year={2015},
  pages={5107--5116},
}

@article{
  author={M. Niepert and M. Ahmed and K. Kutzkov},
  title={Learning Convolutional Neural Networks for Graphs},
  journal={Computing Research Repository},
  year={2016},
}
