@book{Nielsen,
  title={Neural Networks and Deep Learning},
  author={{M. A. Nielsen}},
  publisher={Determination Press},
  year={2015},
}

@article{Defferrard,
  title={Convolutional Neural Networks on Graphs with Fast Localized Spectral Filtering},
  author={{M. Defferrard and X. Bresson and P. Vandergheynst}},
  journal={CoRR},
  year={2016},
}

@article{Dhillon,
  title={Weighted Graph Cuts Without Eigenvectors: A Multilvel Approach},
  author={{I. S. Dhillon and Y. Guan and B. Kulis}},
  journal={IEEE},
  pages={1944--1957},
  year={2007},
}

@article{Hammond,
  title={Wavelets on graphs via spectral graph theory},
  author={{D. K. Hammond and P. Vandergheynst and R. Gribonval}},
  journal={Applied and Computational Harmonic Analysis},
  pages={129--150},
  year={2011},
}

@book{Chung,
  title={Spectral Graph Theory},
  author={{F. R. K. Chung}},
  publisher={American Mathematical Society},
  year={1997},
}

@article{GCN,
  title={Semi-Supervised Classification with Graph Convolutional Networks},
  author= {{T. N. Kipf and M. Welling}},
  journal={CoRR},
  year={2016},
}

@article{Shuman,
  title={Signal Processing on Graphs: Extending High-Dimensional Data Analysis to Networks and Other Irregular Data Domains},
  author={{D. I. Shuman and S. K. Narang and P. Frossard and A. Ortega and P. Vandergheynst}},
  journal={CoRR},
  year={2012},
}

@inproceedings{yy15,
  title={Object Detection by Labeling Superpixels},
  author={{J. Yan and Y. Yu and X. Zhu and Z. Lei and S. Z. Li}},
  booktitle={2015 IEEE Conference on Computer Vision and Pattern Recognition (CVPR)},
  pages={5107--5116},
  year={2015},
}

@article{nak16,
  title={Learning Convolutional Neural Networks for Graphs},
  author={{M. Niepert and M. Ahmed and K. Kutzkov}},
  journal={Computing Research Repository},
  year={2016},
}

@inproceedings{gjk16,
  title={Superpixel Convolutional Networks using Bilateral Inceptions},
  author={{R. Gadde and V. Jampani and M. Kiefel and D. Kappler and P. Gehler}},
  booktitle={Computer Vision -- ECCV 2016},
  year={2016},
}

@inproceedings{hb07,
  title={Image Classification with Segmentation Graph Kernels},
  author={{Z. Harchaoui and F. Bach}},
  booktitle={2007 IEEE Conference on Computer Vision and Pattern Recognition},
  year={2007},
  pages={1--8},
}

@phdthesis{borgwardt07,
  title={Graph Kernels},
  author={{K. M. Borgwardt}},
  school={Ludwig-Maximilians-Universität München},
  year={2007},
}

@article{hl15,
  title={SuperCNN: A Superpixelwise Convolutional Neural Network for Salient Object Detection},
  author={{S. He and R. W. H. Lau and W. Liu and Z. Huang and Q. Yang}},
  journal={International Journal of Computer Vision},
  year={2015},
  pages={330--344},
}

@inproceedings{yv15,
  title={Deep Graph Kernels},
  author={{P. Yanardag and S. V. N. Vishwanathan}},
  booktitle={Proceedings of the 21th ACM SIGKDD International Conference on Knowledge Discovery and Data Mining},
  year={2015},
  pages={1365--1374},
}
