@book{
  title={Neural Networks and Deep Learning},
  author={M. A. Nielsen},
  publisher={Determination Press},
  year={2015},
}

@inproceedings{
  title={Object Detection by Labeling Superpixels},
  author={J. Yan and Y. Yu and X. Zhu and Z. Lei and S. Z. Li},
  booktitle={2015 IEEE Conference on Computer Vision and Pattern Recognition (CVPR)},
  year={2015},
  pages={5107--5116},
}

@article{
  title={Learning Convolutional Neural Networks for Graphs},
  author={M. Niepert and M. Ahmed and K. Kutzkov},
  journal={Computing Research Repository},
  year={2016},
}

@inproceedings{
  title={Superpixel Convolutional Networks using Bilateral Inceptions},
  author={R. Gadde and V. Jampani and M. Kiefel and D. Kappler and P. Gehler},
  booktitle={Computer Vision -- ECCV 2016},
  year={2016},
}

@inproceedings{
  title={Image Classification with Segmentation Graph Kernels},
  author={Z. Harchaoui and F. Bach},
  booktitle={2007 IEEE Conference on Computer Vision and Pattern Recognition},
  year={2007},
  pages={1--8},
}

@phdthesis{
  author={K. M. Borgwardt},
  title={Graph Kernels},
  school={Ludwig-Maximilians-Universität München},
  year={2007},
}
